% This file was created with JabRef 2.10.
% Encoding: UTF-8


@Article{Aubrun15,
  Title                    = {Locally restricted measurements on a multipartite quantum system: data hiding is generic},
  Author                   = {Guillaume Aubrun and Cecilia Lancien},
  Journal                  = {Quantum Information {\&} Computation},
  Year                     = {2015},
  Number                   = {5{\&}6},
  Pages                    = {513--540},
  Volume                   = {15},

  Eprint                   = {1406.1959}
}

@Article{Bandyopadhyay11,
  Title                    = {More Nonlocality with Less Purity},
  Author                   = {Bandyopadhyay, Somshubhro},
  Journal                  = {Physical Review Letters},
  Year                     = {2011},

  Month                    = {May},
  Pages                    = {210402},
  Volume                   = {106},

  Doi                      = {10.1103/PhysRevLett.106.210402},
  Eprint                   = {1106.0104},
  Issue                    = {21},
  Numpages                 = {4},
  Publisher                = {American Physical Society}
}

@Article{Bandyopadhyay09,
  Title                    = {Entanglement cost of nonlocal measurements},
  Author                   = {Bandyopadhyay, Somshubhro and Brassard, Gilles and Kimmel, Shelby and Wootters, William K.},
  Journal                  = {Physical Review A},
  Year                     = {2009},

  Month                    = {Jul},
  Pages                    = {012313},
  Volume                   = {80},

  Doi                      = {10.1103/PhysRevA.80.012313},
  Eprint                   = {0809.2264},
  Issue                    = {1},
  Numpages                 = {12},
  Publisher                = {American Physical Society}
}

@Article{Bandyopadhyay15,
  Title                    = {Limitations on Separable Measurements by Convex Optimization},
  Author                   = {Bandyopadhyay, S. and Cosentino, A. and Johnston, N. and Russo, V. and Watrous, J. and Yu, N.},
  Journal                  = {Information Theory, IEEE Transactions on},
  Year                     = {2015},

  Month                    = {June},
  Number                   = {6},
  Pages                    = {3593-3604},
  Volume                   = {61},

  Doi                      = {10.1109/TIT.2015.2417755},
  Eprint                   = {1408.6981},
  ISSN                     = {0018-9448}
}

@Article{Bandyopadhyay11a,
  Title                    = {{LOCC} distinguishability of unilaterally transformable quantum states},
  Author                   = {Somshubhro Bandyopadhyay and Sibasish Ghosh and Guruprasad Kar},
  Journal                  = {New Journal of Physics},
  Year                     = {2011},
  Number                   = {12},
  Pages                    = {123013},
  Volume                   = {13},

  Eprint                   = {1102.0841},
  Owner                    = {acosenti},
  Timestamp                = {2015.04.20},
  Url                      = {http://stacks.iop.org/1367-2630/13/i=12/a=123013}
}

@Article{Bandyopadhyay05,
  Title                    = {Non-full-rank bound entangled states satisfying the range criterion},
  Author                   = {Bandyopadhyay, Somshubhro and Ghosh, Sibasish and Roychowdhury, Vwani},
  Journal                  = {Physical Review A},
  Year                     = {2005},

  Month                    = {Jan},
  Pages                    = {012316},
  Volume                   = {71},

  Doi                      = {10.1103/PhysRevA.71.012316},
  Eprint                   = {quant-ph/0406023},
  Issue                    = {1},
  Numpages                 = {6},
  Owner                    = {acosenti},
  Publisher                = {American Physical Society},
  Timestamp                = {2015.04.16}
}

@Article{Bandyopadhyay10,
  Title                    = {Entanglement cost of two-qubit orthogonal measurements},
  Author                   = {Somshubhro Bandyopadhyay and Ramij Rahaman and William K Wootters},
  Journal                  = {Journal of Physics A: Mathematical and Theoretical},
  Year                     = {2010},
  Number                   = {45},
  Pages                    = {455303},
  Volume                   = {43},

  Eprint                   = {1005.5236},
  Url                      = {http://stacks.iop.org/1751-8121/43/i=45/a=455303}
}

@Article{Bennett99,
  Title                    = {Unextendible Product Bases and Bound Entanglement},
  Author                   = {Bennett, Charles H. and DiVincenzo, David P. and Mor, Tal and Shor, Peter W. and Smolin, John A. and Terhal, Barbara M.},
  Journal                  = {Physical Review Letters},
  Year                     = {1999},

  Month                    = {Jun},
  Pages                    = {5385--5388},
  Volume                   = {82},

  Doi                      = {10.1103/PhysRevLett.82.5385},
  Eprint                   = {quant-ph/9808030},
  Issue                    = {26},
  Numpages                 = {0},
  Publisher                = {American Physical Society}
}

@InCollection{Bergou2004,
  Title                    = {Discrimination of Quantum States},
  Author                   = {Bergou, János A. and Herzog, Ulrike and Hillery, Mark},
  Booktitle                = {Quantum State Estimation},
  Publisher                = {Springer Berlin Heidelberg},
  Year                     = {2004},
  Chapter                  = {11},
  Editor                   = {Paris, Matteo and Řeháček, Jaroslav},
  Pages                    = {417-465},
  Series                   = {Lecture Notes in Physics},
  Volume                   = {649},

  Doi                      = {10.1007/978-3-540-44481-7_11},
  ISBN                     = {978-3-540-22329-0},
  Language                 = {English},
  Owner                    = {acosenti},
  Timestamp                = {2015.05.01}
}

@Book{Boyd04,
  Title                    = {Convex optimization},
  Author                   = {Stephen Boyd and Lieven Vandenberghe},
  Publisher                = {Cambridge University Press},
  Year                     = {2004},

  Owner                    = {acosenti},
  Timestamp                = {2015.06.26}
}

@Article{Breuer06,
  Title                    = {Optimal entanglement criterion for mixed quantum states},
  Author                   = {Heinz-Peter Breuer},
  Journal                  = {Physical Review Letters},
  Year                     = {2006},
  Pages                    = {080501},
  Volume                   = {97},

  Doi                      = {10.1103/PhysRevLett.97.080501},
  Eprint                   = {quant-ph/0605036},
  Owner                    = {acosenti},
  Timestamp                = {2015.06.28}
}

@Article{Chefles2000,
  Title                    = {Quantum state discrimination},
  Author                   = {Anthony Chefles},
  Journal                  = {Contemporary Physics},
  Year                     = {2000},
  Number                   = {6},
  Pages                    = {401-424},
  Volume                   = {41},

  Doi                      = {10.1080/00107510010002599},
  Eprint                   = {quant-ph/0010114},
  Owner                    = {acosenti},
  Timestamp                = {2015.05.01}
}

@Article{Childs13,
  Title                    = {A framework for bounding nonlocality of state discrimination},
  Author                   = {Andrew M. Childs and Debbie Leung and Laura Man\v{c}inska and Maris Ozols},
  Journal                  = {Communications in Mathematical Physics},
  Year                     = {2013},
  Pages                    = {1121--1153},
  Volume                   = {323},

  Eprint                   = {1206.5822}
}

@Article{Chitambar14,
  Title                    = {Everything You Always Wanted to Know About LOCC (But Were Afraid to Ask)},
  Author                   = {Chitambar, Eric and Leung, Debbie and Man\v{c}inska, Laura and Ozols, Maris and Winter, Andreas},
  Journal                  = {Communications in Mathematical Physics},
  Year                     = {2014},
  Number                   = {1},
  Pages                    = {303-326},
  Volume                   = {328},

  Doi                      = {10.1007/s00220-014-1953-9},
  Eprint                   = {1210.4583},
  ISSN                     = {0010-3616}
}

@Article{Chruscinski2014,
  Title                    = {Entanglement witnesses: construction, analysis and classification},
  Author                   = {Dariusz Chruściński and Gniewomir Sarbicki},
  Journal                  = {Journal of Physics A: Mathematical and Theoretical},
  Year                     = {2014},
  Number                   = {48},
  Pages                    = {483001},
  Volume                   = {47},

  Owner                    = {acosenti},
  Timestamp                = {2015.03.24},
  Url                      = {http://stacks.iop.org/1751-8121/47/i=48/a=483001}
}

@Article{Cleve99,
  Title                    = {How to Share a Quantum Secret},
  Author                   = {Cleve, Richard and Gottesman, Daniel and Lo, Hoi-Kwong},
  Journal                  = {Physical Review Letters},
  Year                     = {1999},

  Month                    = {Jul},
  Pages                    = {648--651},
  Volume                   = {83},

  Doi                      = {10.1103/PhysRevLett.83.648},
  Eprint                   = {9901025},
  Issue                    = {3},
  Numpages                 = {0},
  Publisher                = {American Physical Society},
  Url                      = {http://link.aps.org/doi/10.1103/PhysRevLett.83.648}
}

@Article{Cohen08,
  Title                    = {Understanding entanglement as resource: Locally distinguishing unextendible product bases},
  Author                   = {Cohen, Scott M.},
  Journal                  = {Physical Review A},
  Year                     = {2008},

  Month                    = {Jan},
  Pages                    = {012304},
  Volume                   = {77},

  Doi                      = {10.1103/PhysRevA.77.012304},
  Issue                    = {1},
  Numpages                 = {19},
  Publisher                = {American Physical Society},
  Url                      = {http://link.aps.org/doi/10.1103/PhysRevA.77.012304}
}

@Electronic{Cosentino15,
  Title                    = {Code repository for local-distinguishability examples},
  Author                   = {Alessandro Cosentino},
  Month                    = {June},
  Url                      = {https://github.com/cosenal/local-distinguishability},
  Year                     = {2015},

  Owner                    = {acosenti},
  Timestamp                = {2015.06.29}
}

@Article{Cosentino13,
  Title                    = {Positive-partial-transpose-indistinguishable states via semidefinite programming},
  Author                   = {Cosentino, Alessandro},
  Journal                  = {Physical Review A},
  Year                     = {2013},

  Month                    = {Jan},
  Pages                    = {012321},
  Volume                   = {87},

  Doi                      = {10.1103/PhysRevA.87.012321},
  Eprint                   = {1205.1031},
  Issue                    = {1},
  Numpages                 = {7},
  Publisher                = {American Physical Society}
}

@Article{Cosentino14,
  Title                    = {Small Sets of Locally Indistinguishable Orthogonal Maximally Entangled States},
  Author                   = {Cosentino, Alessandro and Russo, Vincent},
  Journal                  = {Quantum Information \& Computation},
  Year                     = {2014},

  Month                    = oct,
  Number                   = {13-14},
  Pages                    = {1098--1106},
  Volume                   = {14},

  Acmid                    = {2685167},
  Address                  = {Paramus, NJ},
  Eprint                   = {1307.3232},
  ISSN                     = {1533-7146},
  Issue_date               = {October 2014},
  Numpages                 = {9},
  Publisher                = {Rinton Press, Incorporated}
}

@Article{DiVincenzo2002,
  Title                    = {Quantum data hiding},
  Author                   = {DiVincenzo, David P. and Leung, D.W. and Terhal, B.M.},
  Journal                  = {Information Theory, IEEE Transactions on},
  Year                     = {2002},

  Month                    = {Mar},
  Number                   = {3},
  Pages                    = {580-598},
  Volume                   = {48},

  Doi                      = {10.1109/18.985948},
  ISSN                     = {0018-9448}
}

@Article{DiVincenzo03,
  Title                    = {Unextendible Product Bases, Uncompletable Product Bases and Bound Entanglement},
  Author                   = {DiVincenzo, David P. and Mor, Tal and Shor, Peter W. and Smolin, John A. and Terhal, Barbara M.},
  Journal                  = {Communications in Mathematical Physics},
  Year                     = {2003},
  Number                   = {3},
  Pages                    = {379-410},
  Volume                   = {238},

  Doi                      = {10.1007/s00220-003-0877-6},
  ISSN                     = {0010-3616},
  Language                 = {English},
  Owner                    = {acosenti},
  Publisher                = {Springer-Verlag},
  Timestamp                = {2015.04.16},
  Url                      = {http://dx.doi.org/10.1007/s00220-003-0877-6}
}

@Article{Doherty04,
  Title                    = {Complete family of separability criteria},
  Author                   = {Doherty, Andrew C. and Parrilo, Pablo A. and Spedalieri, Federico M.},
  Journal                  = {Physical Review A},
  Year                     = {2004},

  Month                    = {Feb},
  Pages                    = {022308},
  Volume                   = {69},

  Doi                      = {10.1103/PhysRevA.69.022308},
  Issue                    = {2},
  Numpages                 = {20},
  Publisher                = {American Physical Society},
  Url                      = {http://link.aps.org/doi/10.1103/PhysRevA.69.022308}
}

@Article{Doherty02,
  Title                    = {Distinguishing Separable and Entangled States},
  Author                   = {Doherty, A. C. and Parrilo, Pablo A. and Spedalieri, Federico M.},
  Journal                  = {Physical Review Letters},
  Year                     = {2002},

  Month                    = {Apr},
  Pages                    = {187904},
  Volume                   = {88},

  Doi                      = {10.1103/PhysRevLett.88.187904},
  Issue                    = {18},
  Numpages                 = {4},
  Publisher                = {American Physical Society},
  Url                      = {http://link.aps.org/doi/10.1103/PhysRevLett.88.187904}
}

@Article{Duan09,
  Title                    = {Distinguishability of Quantum States by Separable Operations},
  Author                   = {Duan, R. and Yuan Feng and Yu Xin and Ying, M.},
  Journal                  = {Information Theory, IEEE Transactions on},
  Year                     = {2009},

  Month                    = {March},
  Number                   = {3},
  Pages                    = {1320-1330},
  Volume                   = {55},

  Doi                      = {10.1109/TIT.2008.2011524},
  Eprint                   = {0705.0795},
  ISSN                     = {0018-9448}
}

@Article{Eldar03a,
  Title                    = {Designing optimal quantum detectors via semidefinite programming},
  Author                   = {Eldar, Y.C. and Megretski, A. and Verghese, George C.},
  Journal                  = {Information Theory, IEEE Transactions on},
  Year                     = {2003},

  Month                    = {April},
  Number                   = {4},
  Pages                    = {1007-1012},
  Volume                   = {49},

  Doi                      = {10.1109/TIT.2003.809510},
  Eprint                   = {quant-ph/0205178},
  ISSN                     = {0018-9448}
}

@Article{Eldar03,
  Title                    = {A Semidefinite Programming Approach to Optimal Unambiguous Discrimination of Quantum States},
  Author                   = {Yonina C. Eldar},
  Journal                  = {Information Theory, IEEE Transactions on},
  Year                     = {2003},

  Month                    = {February},
  Number                   = {2},
  Pages                    = {446--456},
  Volume                   = {49},

  Owner                    = {acosenti},
  Timestamp                = {2015.04.06}
}

@Article{Fan04,
  Title                    = {Distinguishability and Indistinguishability by Local Operations and Classical Communication},
  Author                   = {Fan, Heng},
  Journal                  = {Physical Review Letters},
  Year                     = {2004},

  Month                    = {Apr},
  Pages                    = {177905},
  Volume                   = {92},

  Doi                      = {10.1103/PhysRevLett.92.177905},
  Issue                    = {17},
  Numpages                 = {4},
  Publisher                = {American Physical Society}
}

@Article{Feng06,
  Title                    = {Unextendible product bases and 1-factorization of complete graphs },
  Author                   = {Keqin Feng},
  Journal                  = {Discrete Applied Mathematics },
  Year                     = {2006},
  Number                   = {6},
  Pages                    = {942 - 949},
  Volume                   = {154},

  Doi                      = {10.1016/j.dam.2005.10.011},
  ISSN                     = {0166-218X}
}

@Article{Gharibi10,
  Title                    = {Strong {NP}-Hardness of the Quantum Separability Problem},
  Author                   = {Sevag Gharibian},
  Journal                  = {Quantum Information \& Computation},
  Year                     = {2010},
  Number                   = {3\&4},
  Pages                    = {343-360},
  Volume                   = {10},

  Eprint                   = {0810.4507},
  Owner                    = {acosenti},
  Timestamp                = {2015.06.30}
}

@Article{Gharibian13,
  Title                    = {{QMA} variants with polynomially many provers},
  Author                   = {Sevag Gharibian and Jamie Sikora and Sarvagya Upadhyay},
  Journal                  = {Quantum Information \& Computation},
  Year                     = {2013},
  Number                   = {1 \& 2},
  Pages                    = {0135-0157},
  Volume                   = {13},

  Owner                    = {acosenti},
  Timestamp                = {2015.02.02}
}

@Article{Ghosh04,
  Title                    = {Distinguishability of maximally entangled states},
  Author                   = {Ghosh, Sibasish and Kar, Guruprasad and Roy, Anirban and Sarkar, Debasis},
  Journal                  = {Physical Review A},
  Year                     = {2004},

  Month                    = {Aug},
  Pages                    = {022304},
  Volume                   = {70},

  Doi                      = {10.1103/PhysRevA.70.022304},
  Eprint                   = {quant-ph/0205105},
  Issue                    = {2},
  Numpages                 = {7},
  Publisher                = {American Physical Society}
}

@Article{Ghosh01,
  Title                    = {Distinguishability of {B}ell States},
  Author                   = {Ghosh, Sibasish and Kar, Guruprasad and Roy, Anirban and Sen(De), Aditi and Sen, Ujjwal},
  Journal                  = {Physical Review Letters},
  Year                     = {2001},

  Month                    = {Dec},
  Pages                    = {277902},
  Volume                   = {87},

  Doi                      = {10.1103/PhysRevLett.87.277902},
  Eprint                   = {quant-ph/0106148},
  Issue                    = {27},
  Numpages                 = {2},
  Publisher                = {American Physical Society}
}

@Article{Gottesman00,
  Title                    = {Theory of quantum secret sharing},
  Author                   = {Gottesman, Daniel},
  Journal                  = {Physical Review A},
  Year                     = {2000},

  Month                    = {Mar},
  Pages                    = {042311},
  Volume                   = {61},

  Doi                      = {10.1103/PhysRevA.61.042311},
  Eprint                   = {9910067},
  Issue                    = {4},
  Numpages                 = {8},
  Publisher                = {American Physical Society},
  Url                      = {http://link.aps.org/doi/10.1103/PhysRevA.61.042311}
}

@Misc{cvx,
  Title                    = {{CVX}: Matlab Software for Disciplined Convex Programming, version 2.1},

  Author                   = {Michael Grant and Stephen Boyd},
  HowPublished             = {\url{http://cvxr.com/cvx}},
  Month                    = mar,
  Year                     = {2014}
}

@Book{MartinGroetschel93,
  Title                    = {Geometric Algorithms and Combinatorial Optimization},
  Author                   = {Martin Grötschel and László Lovász and Alexander Schrijver},
  Publisher                = {Springer-Verlag Berlin Heidelberg},
  Year                     = {1993},

  Doi                      = {10.1007/978-3-642-78240-4}
}

@Article{Hall06,
  Title                    = {A new criterion for indecomposability of positive maps},
  Author                   = {W. Hall},
  Journal                  = {Journal of Physics A: Mathematical and General},
  Year                     = {2006},
  Number                   = {45},
  Pages                    = {14119},
  Volume                   = {39},

  Owner                    = {acosenti},
  Timestamp                = {2015.06.28}
}

@Article{Helstrom1969,
  Title                    = {Quantum detection and estimation theory},
  Author                   = {Helstrom, Carl W.},
  Journal                  = {Journal of Statistical Physics},
  Year                     = {1969},
  Number                   = {2},
  Pages                    = {231-252},
  Volume                   = {1},

  Doi                      = {10.1007/BF01007479},
  ISSN                     = {0022-4715},
  Keywords                 = {signal detection; detection theory; parameter estimation; statistical estimation; estimation theory; quantum theory; decision theory; hypothesis testing; statistical decisions},
  Language                 = {English},
  Owner                    = {acosenti},
  Publisher                = {Kluwer Academic Publishers-Plenum Publishers},
  Timestamp                = {2015.05.01},
  Url                      = {http://dx.doi.org/10.1007/BF01007479}
}

@Article{Horodecki99,
  Title                    = {Reduction criterion of separability and limits for a class of distillation protocols},
  Author                   = {Horodecki, Micha\l{} and Horodecki, Pawe\l{}},
  Journal                  = {Physical Review A},
  Year                     = {1999},

  Month                    = {Jun},
  Pages                    = {4206--4216},
  Volume                   = {59},

  Doi                      = {10.1103/PhysRevA.59.4206},
  Eprint                   = {quant-ph/9708015},
  Issue                    = {6},
  Numpages                 = {0},
  Publisher                = {American Physical Society}
}

@Article{Horodecki1996,
  Title                    = {Separability of mixed states: necessary and sufficient conditions },
  Author                   = {Michał Horodecki and Paweł Horodecki and Ryszard Horodecki},
  Journal                  = {Physics Letters A },
  Year                     = {1996},
  Number                   = {1–2},
  Pages                    = {1 - 8},
  Volume                   = {223},

  Doi                      = {http://dx.doi.org/10.1016/S0375-9601(96)00706-2},
  ISSN                     = {0375-9601},
  Url                      = {http://www.sciencedirect.com/science/article/pii/S0375960196007062}
}

@Article{Horodecki03,
  Title                    = {Local Indistinguishability: More Nonlocality with Less Entanglement},
  Author                   = {Horodecki, Micha\l{} and Sen(De), Aditi and Sen, Ujjwal and Horodecki, Karol},
  Journal                  = {Physical Review Letters},
  Year                     = {2003},

  Month                    = {Jan},
  Pages                    = {047902},
  Volume                   = {90},

  Doi                      = {10.1103/PhysRevLett.90.047902},
  Eprint                   = {quant-ph/0301106},
  Issue                    = {4},
  Numpages                 = {4},
  Publisher                = {American Physical Society}
}

@Misc{Johnston2015,
  Title                    = {QETLAB: QETLAB v0.7},

  Author                   = {Nathaniel Johnston and Alessandro Cosentino and Vincent Russo},
  Month                    = jan,
  Year                     = {2015},

  Doi                      = {10.5281/zenodo.14186},
  Url                      = {http://dx.doi.org/10.5281/zenodo.14186}
}

@Article{Jonathan99,
  Title                    = {Minimal Conditions for Local Pure-State Entanglement Manipulation},
  Author                   = {Jonathan, Daniel and Plenio, Martin B.},
  Journal                  = {Physical Review Letters},
  Year                     = {1999},

  Month                    = {Aug},
  Pages                    = {1455--1458},
  Volume                   = {83},

  Doi                      = {10.1103/PhysRevLett.83.1455},
  Eprint                   = {quant-ph/9903054},
  Issue                    = {7},
  Numpages                 = {0},
  Publisher                = {American Physical Society}
}

@Article{Li15,
  Title                    = {$d$ locally indistinguishable maximally entangled states in ${\mathbb{C}}^{d}\ensuremath{\bigotimes}{\mathbb{C}}^{d}$},
  Author                   = {Li, Mao-Sheng and Wang, Yan-Ling and Fei, Shao-Ming and Zheng, Zhu-Jun},
  Journal                  = {Physical Review A},
  Year                     = {2015},

  Month                    = {Apr},
  Pages                    = {042318},
  Volume                   = {91},

  Doi                      = {10.1103/PhysRevA.91.042318},
  Eprint                   = {1411.6702},
  Issue                    = {4},
  Numpages                 = {5},
  Publisher                = {American Physical Society}
}

@PhdThesis{Mancinska13,
  Title                    = {Separable State Discrimination Using Local Quantum Operations and Classical Communication},
  Author                   = {Laura Man\v{c}inska},
  School                   = {University of Waterloo},
  Year                     = {2013},

  Owner                    = {acosenti},
  Timestamp                = {2015.06.25},
  Url                      = {http://hdl.handle.net/10012/7792}
}

@Article{Matthews10,
  Title                    = {Entanglement in channel discrimination with restricted measurements},
  Author                   = {Matthews, William and Piani, Marco and Watrous, John},
  Journal                  = {Physical Review A},
  Year                     = {2010},

  Month                    = {Sep},
  Pages                    = {032302},
  Volume                   = {82},

  Doi                      = {10.1103/PhysRevA.82.032302},
  Eprint                   = {1004.0888},
  Issue                    = {3},
  Numpages                 = {8},
  Publisher                = {American Physical Society}
}

@Article{Matthews09,
  Title                    = {Distinguishability of Quantum States Under Restricted Families of Measurements with an Application to Quantum Data Hiding},
  Author                   = {Matthews, William and Wehner, Stephanie and Winter, Andreas},
  Journal                  = {Communications in Mathematical Physics},
  Year                     = {2009},
  Number                   = {3},
  Pages                    = {813-843},
  Volume                   = {291},

  Doi                      = {10.1007/s00220-009-0890-5},
  ISSN                     = {0010-3616},
  Language                 = {English},
  Owner                    = {acosenti},
  Publisher                = {Springer-Verlag},
  Timestamp                = {2015.04.13},
  Url                      = {http://dx.doi.org/10.1007/s00220-009-0890-5}
}

@Article{Montanaro07,
  Title                    = {On the Distinguishability of Random Quantum States},
  Author                   = {Montanaro, Ashley},
  Journal                  = {Communications in Mathematical Physics},
  Year                     = {2007},
  Number                   = {3},
  Pages                    = {619-636},
  Volume                   = {273},

  Doi                      = {10.1007/s00220-007-0221-7},
  Eprint                   = {quant-ph/0607011},
  ISSN                     = {0010-3616},
  Language                 = {English},
  Owner                    = {acosenti},
  Publisher                = {Springer-Verlag},
  Timestamp                = {2015.02.25}
}

@Article{Nathanson13,
  Title                    = {Three maximally entangled states can require two-way local operations and classical communication for local discrimination},
  Author                   = {Nathanson, Michael},
  Journal                  = {Physical Review A},
  Year                     = {2013},

  Month                    = {Dec},
  Pages                    = {062316},
  Volume                   = {88},

  Doi                      = {10.1103/PhysRevA.88.062316},
  Issue                    = {6},
  Numpages                 = {9},
  Publisher                = {American Physical Society},
  Url                      = {http://link.aps.org/doi/10.1103/PhysRevA.88.062316}
}

@Article{Nathanson05,
  Title                    = {Distinguishing bipartitite orthogonal states using {LOCC}: Best and worst cases},
  Author                   = {M. Nathanson},
  Journal                  = {Journal of Mathematical Physics},
  Year                     = {2005},
  Pages                    = {062103},
  Volume                   = {46},

  Owner                    = {acosenti},
  Timestamp                = {2015.02.16}
}

@Article{Navascues2008,
  Title                    = {Pure State Estimation and the Characterization of Entanglement},
  Author                   = {Navascu\'es, Miguel},
  Journal                  = {Physical Review Letters},
  Year                     = {2008},

  Month                    = {Feb},
  Pages                    = {070503},
  Volume                   = {100},

  Doi                      = {10.1103/PhysRevLett.100.070503},
  Issue                    = {7},
  Numpages                 = {4},
  Publisher                = {American Physical Society},
  Url                      = {http://link.aps.org/doi/10.1103/PhysRevLett.100.070503}
}

@Article{Nielsen99,
  Title                    = {Conditions for a Class of Entanglement Transformations},
  Author                   = {Nielsen, M. A.},
  Journal                  = {Physical Review Letters},
  Year                     = {1999},

  Month                    = {Jul},
  Pages                    = {436--439},
  Volume                   = {83},

  Doi                      = {10.1103/PhysRevLett.83.436},
  Eprint                   = {quant-ph/9811053},
  Issue                    = {2},
  Numpages                 = {0},
  Publisher                = {American Physical Society}
}

@Book{Nielsen11,
  Title                    = {Quantum Computation and Quantum Information: 10th Anniversary Edition},
  Author                   = {Nielsen, Michael A. and Chuang, Isaac L.},
  Publisher                = {Cambridge University Press},
  Year                     = {2011},

  Address                  = {New York, NY, USA},
  Edition                  = {10th},

  ISBN                     = {1107002176, 9781107002173}
}

@Book{Paulsen02,
  Title                    = {Completely Bounded Maps and Operator Algebras},
  Author                   = {Vern Paulsen},
  Publisher                = {Cambridge University Press},
  Year                     = {2002},

  Owner                    = {acosenti},
  Timestamp                = {2015.06.29}
}

@Article{Peres1996,
  Title                    = {Separability Criterion for Density Matrices},
  Author                   = {Peres, Asher},
  Journal                  = {Physical Review Letters},
  Year                     = {1996},

  Month                    = {Aug},
  Pages                    = {1413--1415},
  Volume                   = {77},

  Doi                      = {10.1103/PhysRevLett.77.1413},
  Issue                    = {8},
  Numpages                 = {0},
  Publisher                = {American Physical Society},
  Url                      = {http://link.aps.org/doi/10.1103/PhysRevLett.77.1413}
}

@Article{Piani06,
  Title                    = {Class of bound entangled states of $N+N$ qubits revealed by nondecomposable maps},
  Author                   = {Piani, Marco},
  Journal                  = {Physical Review A},
  Year                     = {2006},

  Month                    = {Jan},
  Pages                    = {012345},
  Volume                   = {73},

  Doi                      = {10.1103/PhysRevA.73.012345},
  Issue                    = {1},
  Numpages                 = {10},
  Publisher                = {American Physical Society},
  Url                      = {http://link.aps.org/doi/10.1103/PhysRevA.73.012345}
}

@Article{Rains01,
  Title                    = {A semidefinite program for distillable entanglement},
  Author                   = {Rains, E.M.},
  Journal                  = {Information Theory, IEEE Transactions on},
  Year                     = {2001},

  Month                    = {Nov},
  Number                   = {7},
  Pages                    = {2921-2933},
  Volume                   = {47},

  Doi                      = {10.1109/18.959270},
  ISSN                     = {0018-9448},
  Keywords                 = {codes;linear programming;protocols;quantum communication;1-local distillation;asymmetric Werner states;clones;distillable entanglement;hashing lower bound;isotropic states;linear program;maximally correlated states;maximum fidelity;positive partial transpose distillation protocol;quantum codes;semidefinite program;symmetry;upper bounds;Hilbert space;Information theory;Linear programming;Production;Protocols;Quantum entanglement;Quantum mechanics;Rain;Refining;Upper bound}
}

@Article{Skowronek09,
  Title                    = {Cones of positive maps and their duality relations},
  Author                   = {Skowronek, {\L}ukasz and St{\o}rmer, Erling and {\.Z}yczkowski, Karol},
  Journal                  = {Journal of Mathematical Physics},
  Year                     = {2009},
  Number                   = {062106},
  Volume                   = {50},

  Doi                      = {http://dx.doi.org/10.1063/1.3155378},
  Eid                      = {062106},
  Url                      = {http://scitation.aip.org/content/aip/journal/jmp/50/6/10.1063/1.3155378}
}

@Article{Terhal01,
  Title                    = {A family of indecomposable positive linear maps based on entangled quantum states },
  Author                   = {Barbara M. Terhal},
  Journal                  = {Linear Algebra and its Applications},
  Year                     = {2001},
  Number                   = {1–3},
  Pages                    = {61--73},
  Volume                   = {323},

  Doi                      = {10.1016/S0024-3795(00)00251-2},
  ISSN                     = {0024-3795}
}

@Article{Terhal01a,
  Title                    = {Hiding Bits in Bell States},
  Author                   = {Terhal, Barbara M. and DiVincenzo, David P. and Leung, Debbie W.},
  Journal                  = {Physical Review Letters},
  Year                     = {2001},

  Month                    = {Jun},
  Pages                    = {5807--5810},
  Volume                   = {86},

  Doi                      = {10.1103/PhysRevLett.86.5807},
  Eprint                   = {quant-ph/0011042},
  Issue                    = {25},
  Numpages                 = {0},
  Publisher                = {American Physical Society}
}

@Article{Tuncel12,
  Title                    = {Strong duality and minimal representations for cone optimization},
  Author                   = {Tunçel, Levent and Wolkowicz, Henry},
  Journal                  = {Computational Optimization and Applications},
  Year                     = {2012},
  Number                   = {2},
  Pages                    = {619-648},
  Volume                   = {53},

  Doi                      = {10.1007/s10589-012-9480-0},
  ISSN                     = {0926-6003},
  Owner                    = {acosenti},
  Publisher                = {Springer US},
  Timestamp                = {2015.04.05}
}

@Article{Walgate02,
  Title                    = {Nonlocality, Asymmetry, and Distinguishing Bipartite States},
  Author                   = {Walgate, Jonathan and Hardy, Lucien},
  Journal                  = {Physical Review Letters},
  Year                     = {2002},

  Month                    = {Sep},
  Pages                    = {147901},
  Volume                   = {89},

  Doi                      = {10.1103/PhysRevLett.89.147901},
  Eprint                   = {0202034},
  Issue                    = {14},
  Numpages                 = {4},
  Publisher                = {American Physical Society}
}

@Article{Walgate00,
  Title                    = {Local Distinguishability of Multipartite Orthogonal Quantum States},
  Author                   = {Walgate, Jonathan and Short, Anthony J. and Hardy, Lucien and Vedral, Vlatko},
  Journal                  = {Physical Review Letters},
  Year                     = {2000},

  Month                    = {Dec},
  Pages                    = {4972--4975},
  Volume                   = {85},

  Doi                      = {10.1103/PhysRevLett.85.4972},
  Issue                    = {23},
  Numpages                 = {0},
  Publisher                = {American Physical Society},
  Url                      = {http://link.aps.org/doi/10.1103/PhysRevLett.85.4972}
}

@Book{Watrous15,
  Title                    = {Theory of Quantum Information},
  Author                   = {John Watrous},
  Year                     = {2015},
  Note                     = {Draft of the book available at \url{https://cs.uwaterloo.ca/~watrous/CS766/}},

  Owner                    = {acosenti},
  Timestamp                = {2015.02.24}
}

@Article{Watrous05,
  Title                    = {Bipartite Subspaces Having No Bases Distinguishable by Local Operations and Classical Communication},
  Author                   = {Watrous, John},
  Journal                  = {Physical Review Letters},
  Year                     = {2005},

  Month                    = {Aug},
  Pages                    = {080505},
  Volume                   = {95},

  Doi                      = {10.1103/PhysRevLett.95.080505},
  Eprint                   = {quant-ph/0503092},
  Issue                    = {8},
  Numpages                 = {4},
  Publisher                = {American Physical Society}
}

@Article{Yu14,
  Title                    = {Distinguishability of Quantum States by Positive Operator-Valued Measures With Positive Partial Transpose},
  Author                   = {Nengkun Yu and Runyao Duan and Mingsheng Ying},
  Journal                  = {Information Theory, IEEE Transactions on},
  Year                     = {2014},

  Month                    = {April},
  Number                   = {4},
  Pages                    = {2069-2079},
  Volume                   = {60},

  Doi                      = {10.1109/TIT.2014.2307575},
  Eprint                   = {1209.4222v2},
  ISSN                     = {0018-9448}
}

@Article{Yu12,
  Title                    = {Four Locally Indistinguishable Ququad-Ququad Orthogonal Maximally Entangled States},
  Author                   = {Nengkun Yu and Runyao Duan and Mingsheng Ying},
  Journal                  = {Physical Review Letters},
  Year                     = {2012},
  Pages                    = {020506},
  Volume                   = {109},

  Eprint                   = {1107.3224},
  Issue                    = {2},
  Owner                    = {acosenti},
  Timestamp                = {2015.02.15}
}

@Article{Yu11,
  Title                    = {Any $2\ensuremath{\bigotimes}n$ subspace is locally distinguishable},
  Author                   = {Yu, Nengkun and Duan, Runyao and Ying, Mingsheng},
  Journal                  = {Physical Review A},
  Year                     = {2011},

  Month                    = {Jul},
  Pages                    = {012304},
  Volume                   = {84},

  Doi                      = {10.1103/PhysRevA.84.012304},
  Eprint                   = {1010.2664},
  Issue                    = {1},
  Numpages                 = {3},
  Publisher                = {American Physical Society}
}

@Article{Yu15,
  Title                    = {Detecting the local indistinguishability of maximally entangled states},
  Author                   = {Sixia Yu and C.H. Oh},
  Year                     = {2015},

  Month                    = {Feb},

  Eprint                   = {1502.01274},
  Owner                    = {acosenti},
  Timestamp                = {2015.06.29}
}

@Book{Wolkowicz00,
  Title                    = {Handbook of Semidefinite Programming},
  Editor                   = {Henry Wolkowicz and Romesh Saigal and Lieven Vandenberghe},
  Publisher                = {Springer US},
  Year                     = {2000},

  Doi                      = {10.1007/978-1-4615-4381-7}
}

